@book {GabrCalc1967,
	author    = "Gabriel, Peter and Zisman, Michel",
	publisher = "Springer",
	address   = "Berlin [u.a.]",
	title     = "Calculus of fractions and homotopy theory",
	url       = "https://digitale-objekte.hbz-nrw.de/storage/2007/06/01/file_44/1940673.pdf",
	language  = "eng",
	year      = "1967",
	pages     = "X, 168 S. : graph. Darst"}

@book{Cisinski_2019,
	 place={Cambridge},
	 series={Cambridge Studies in Advanced Mathematics}, 
	 title={Higher Categories and Homotopical Algebra}, publisher={Cambridge University Press},
	 author={Cisinski, Denis-Charles}, 
	 year={2019}, 
	 collection={Cambridge Studies in Advanced Mathematics}
 }

@book {KashCate2006,
	author    = "Kashiwara, Masaki and Schapira, Pierre",
	publisher = "Springer",
	address   = "Berlin [u.a.]",
	title     = "Categories and sheaves",
	isbn      = "9783540279495",
	url       = "http://deposit.dnb.de/cgi-bin/dokserv?id=2671096&prov=M&dok_var=1&dok_ext=htm",
	language  = "eng",
	year      = "2006",
	pages     = "X, 497 S. : graph. Darst"}

@book {LeinBasi2014,
	author    = "Leinster, Tom",
	publisher = "Cambridge University Press",
	address   = "Cambridge",
	title     = "Basic category theory",
	isbn      = "1-139-99053-5",
	keywords  = "Categories (Mathematics)",
	language  = "eng",
	year      = "2014",
	pages     = "1 online resource (viii, 183 pages)"}

@misc{kerodon,
	title        = {Kerodon},
	author       = {Jacob Lurie},
	howpublished = {\url{https://kerodon.net}},
	year         = {2018},
}

@misc{shulman2017homotopytypetheorylogic,
	title={Homotopy type theory: the logic of space}, 
	author={Michael Shulman},
	year={2017},
	eprint={1703.03007},
	archivePrefix={arXiv},
	primaryClass={math.CT},
	url={https://arxiv.org/abs/1703.03007}, 
}

@misc{camarena2013whirlwindtourworldinfty1categories,
	title={A Whirlwind Tour of the World of $(\infty,1)$-categories}, 
	author={Omar Antol√≠n Camarena},
	year={2013},
	eprint={1303.4669},
	archivePrefix={arXiv},
	primaryClass={math.CT},
	url={https://arxiv.org/abs/1303.4669}, 
}

@misc{groth2015shortcourseinftycategories,
	title={A short course on $\infty$-categories}, 
	author={Moritz Groth},
	year={2015},
	eprint={1007.2925},
	archivePrefix={arXiv},
	primaryClass={math.AT},
	url={https://arxiv.org/abs/1007.2925}, 
}

@inproceedings{Riehl2011ALI,
	title={A LEISURELY INTRODUCTION TO SIMPLICIAL SETS},
	author={Emily Riehl},
	year={2011},
	url={https://api.semanticscholar.org/CorpusID:5055150}
}

@book{Riehl_2014,
	 place={Cambridge}, 
	 series={New Mathematical Monographs}, 
	 title={Categorical Homotopy Theory}, 
	 publisher={Cambridge University Press}, 
	 author={Riehl, Emily}, 
	 year={2014}, 
	 collection={New Mathematical Monographs}
 }

@misc{shulman2008settheorycategorytheory,
	title={Set theory for category theory}, 
	author={Michael A. Shulman},
	year={2008},
	eprint={0810.1279},
	archivePrefix={arXiv},
	primaryClass={math.CT},
	url={https://arxiv.org/abs/0810.1279}, 
}

@book {GoerSimp1999,
	author    = "Goerss, Paul G. and Jardine, John F.",
	publisher = "Birkh{\"a}user",
	address   = "Basel [u.a.]",
	title     = "Simplicial homotopy theory",
	isbn      = "376436064X",
	url       = "https://digitale-objekte.hbz-nrw.de/storage/2007/08/30/file_58/2047213.pdf",
	language  = "eng",
	year      = "1999",
	pages     = "XV, 510 S. : graph. Darst"
}

@book{Model_category_Hovey,
	author = {Hovey, Mark},
	address = {Providence, RI},
	isbn = {0821813595},
	keywords = {Homotopietheorie ; Komplex},
	language = {eng},
	publisher = {American Mathematical Soc.},
	series = {Mathematical surveys and monographs 63},
	title = {Model categories},
	year = {1999},
}




