@book{Gabriel1967CalculusOF,
  title={Calculus of Fractions and Homotopy Theory},
  author={Peter Gabriel and Michel Zisman},
  publisher={Springer},
  year={1967},
  url={https://api.semanticscholar.org/CorpusID:117430718}
}

@book{Riehl_2014, place={Cambridge}, series={New Mathematical Monographs}, title={Categorical Homotopy Theory}, publisher={Cambridge University Press}, author={Riehl, Emily}, year={2014}, collection={New Mathematical Monographs}} 